%% LaTeX2e file `main.bib'
%% generated by the `filecontents' environment
%% from source `main' on 2020/01/09.
%%
%-------------------------------------------------------------------------------

@InProceedings{CCS:MicOhtRey01,
  author          = "Silvio Micali and Kazuo Ohta and Leonid Reyzin",
  title           = "Accountable-Subgroup Multisignatures: Extended Abstract",
  pages           = "245--254",
  editor          = ccs01ed,
  booktitle       = ccs01name,
  address         = ccs01addr,
  month           = ccs01month,
  publisher       = ccspub,
  year            = 2001,
  doi             = "10.1145/501983.502017",
}

@article{Zahnentferner18-UTxO,
  Author          = {Joachim Zahnentferner},
  Bibsource       = {dblp computer science bibliography, https://dblp.org},
  Biburl          = {https://dblp.org/rec/bib/journals/iacr/Zahnentferner18a},
  Journal         = {{IACR} Cryptology ePrint Archive},
  Pages           = 469,
  Timestamp       = {Tue, 14 Aug 2018 17:08:11 +0200},
  Title           = {An Abstract Model of {UTxO}-based Cryptocurrencies with
                  Scripts},
  Url             = {https://eprint.iacr.org/2018/469},
  Volume          = 2018,
  Year            = 2018,
  Bdsk-Url-1      = {https://eprint.iacr.org/2018/469}
}

@inproceedings{eutxo,
  Author          = {Manuel M. T. Chakravarty and James Chapman and Kenneth
                  MacKenzie and Orestis Melkonian and Michael Peyton Jones and
                  Philip Wadler},
  Booktitle       = {4th Workshop on Trusted Smart Contracts},
  Note            =
                  {\url{http://fc20.ifca.ai/wtsc/WTSC2020/WTSC20_paper_25.pdf}},
  Title           = {The Extended {UTxO} Model},
  Year            = 2020
}

@misc{eutxo-2,
  title           = {Extended {UTXO-2} model},
  note            =
                  {\url{https://github.com/hydra-supplementary-material/eutxo-spec/blob/master/extended-utxo-specification.pdf}}
}

@inproceedings{formal-model-of-bitcoin-transactions,
  Author          = {Nicola Atzei and Massimo Bartoletti and Stefano Lande and
                  Roberto Zunino},
  Bibsource       = {dblp computer science bibliography, https://dblp.org},
  Biburl          = {https://dblp.org/rec/bib/conf/fc/AtzeiBLZ18},
  Booktitle       = {Financial Cryptography and Data Security - 22nd
                  International Conference, {FC} 2018, Nieuwpoort,
                  Cura{\c{c}}ao, February 26 - March 2, 2018, Revised Selected
                  Papers},
  Doi             = {10.1007/978-3-662-58387-6\_29},
  Pages           = {541--560},
  Timestamp       = {Fri, 30 Aug 2019 11:18:49 +0200},
  Title           = {A Formal Model of {Bitcoin} Transactions},
  Url             = {https://doi.org/10.1007/978-3-662-58387-6\_29},
  Year            = 2018,
  Bdsk-Url-1      = {https://doi.org/10.1007/978-3-662-58387-6%5C_29}
}

@misc{hydra-repo,
  title           = {Hydra repository},
  note            = {\url{https://github.com/cardano-scaling/hydra}}
}

@article{hydrahead20,
  title           = {Hydra: Fast isomorphic state channels},
  author          = {Chakravarty, Manuel MT and Coretti, Sandro and Fitzi,
                  Matthias and Gazi, Peter and Kant, Philipp and Kiayias,
                  Aggelos and Russell, Alexander},
  journal         = {Cryptology ePrint Archive},
  year            = 2020
}

@misc{hydraspec22,
  title           = {Hydra {Head} {V1} Formal Specification},
  author          = {IOG},
  howpublished    =
                  {\url{https://docs.google.com/document/d/1XQ0C7Ko3Ifo5a4TOcW1fDT8gMYryB54PCEgOiFaAwGE}},
  year            = 2022
}

@article{itakura1983public,
  Author          = {Itakura, Kazuharu and Nakamura, Katsuhiro},
  Journal         = {NEC Research \& Development},
  Number          = 71,
  Pages           = {1--8},
  Title           = {A public-key cryptosystem suitable for digital
                  multisignatures},
  Year            = 1983
}

@misc{ledger-alonzo-spec,
  title           = {A Formal Specification of the Cardano Ledger integrating
                  Plutus Core},
  note            =
                  {\url{https://github.com/input-output-hk/cardano-ledger/releases/latest/download/alonzo-ledger.pdf}}
}

@misc{ledger-shelley-spec,
  title           = {A Formal Specification of the Cardano Ledger},
  note            =
                  {\url{https://github.com/input-output-hk/cardano-ledger/releases/latest/download/shelley-ledger.pdf}}
}

@inproceedings{utxo-ma,
  title           = {UTXOma: UTXO with Multi-Asset Support},
  author          = {Manuel M. T. Chakravarty and James Chapman and Kenneth M.
                  Mackenzie and Orestis Melkonian and Jann and M{\"u}ller and
                  Michael Peyton Jones and Polina Vinogradova and Philip Wadler
                  and Joachim and Zahnentferner},
  year            = 2020
}
